@book{russell2003artificial,
  title={Artificial intelligence: a modern approach},
  author={Russell, Stuart Jonathan and Norvig, Peter and Canny, John F and Malik, Jitendra M and Edwards, Douglas D},
  edition={3},
  year={2010},
  publisher={Prentice hall Upper Saddle River}
}

@article{schaeffer2007checkers,
  title={Checkers is solved},
  author={Schaeffer, Jonathan and Burch, Neil and Bj{\"o}rnsson, Yngvi and Kishimoto, Akihiro and M{\"u}ller, Martin and Lake, Robert and Lu, Paul and Sutphen, Steve},
  journal={science},
  volume={317},
  number={5844},
  pages={1518--1522},
  year={2007},
  publisher={American Association for the Advancement of Science}
}

@article{van2003solving,
  title={Solving Go on Small Boards.},
  author={van der Werf, Erik CD and Van Den Herik, H Jaap and Uiterwijk, Jos WHM},
  journal={ICGA Journal},
  volume={26},
  number={2},
  pages={92--107},
  year={2003},
  publisher={Citeseer}
}

@article{silver2016mastering,
  title={Mastering the game of Go with deep neural networks and tree search},
  author={Silver, David and Huang, Aja and Maddison, Chris J and Guez, Arthur and Sifre, Laurent and Van Den Driessche, George and Schrittwieser, Julian and Antonoglou, Ioannis and Panneershelvam, Veda and Lanctot, Marc and others},
  journal={Nature},
  volume={529},
  number={7587},
  pages={484--489},
  year={2016},
  publisher={Nature Publishing Group}
}

@article{laramee2000chess,
  title={Chess Programming Part IV: Basic Search},
  author={Laram{\'e}e, Fran{\c{c}}ois Dominic},
  journal={GameDev. net},
  year={2000}
}


@article{laramee2000chess2,
  title={Chess Programming Part V: Advanced Search},
  author={Laram{\'e}e, Fran{\c{c}}ois Dominic},
  journal={GameDev. net},
  year={2000}
}